2618 4042
181 214 220 268 rr
486 289 495 306 ι
588 213 793 270 rainelmo
910 280 911 284 Ν

104 439 109 450 ,
182 398 254 441 cum
285 375 475 441 Buecheleri
508 377 664 442 beneficio
696 376 819 442 nitidus
856 375 911 441 ille
944 377 1025 442 mihi
1058 376 1198 443 adfertur

181 482 312 547 libellus
331 481 463 548 Bonnae
482 504 555 547 vere
574 482 671 547 huius
690 483 766 548 anni
785 482 900 567 editus,
919 505 1016 568 quam
1028 482 1198 549 mimorum

181 588 353 654 Herondae
376 589 596 654 recensionem
623 581 763 674 primam
787 611 856 655 esse
885 589 954 654 iure
978 589 1105 655 dixeris.
1151 591 1198 656 De

184 717 309 760 summa
332 695 388 780 rei,
412 717 493 780 quae
517 695 768 773 inaestimanda
786 695 864 760 libri
887 717 985 761 manu
1004 696 1118 780 scripti
1141 697 1208 772 vir--

182 805 252 867 tute
280 801 388 886 posita
414 805 476 887 est,
504 823 577 866 cum
600 801 798 867 Buechelero
827 801 908 866 mihi
935 803 1002 869 fere
1030 803 1198 869 convenire

79 891 84 900 ’
181 930 248 973 non
271 907 339 972 sine
363 907 481 994 gaudio
505 907 666 994 intellexi,
695 929 889 992 quamquam
916 908 1020 973 bonae
1045 909 1199 996 quaedam

182 1014 306 1098 primae
343 1036 457 1080 manus
494 1015 673 1099 scripturae
706 1013 868 1079 immerito
903 1014 944 1078 ab
978 1037 1016 1080 eo
1056 1016 1198 1081 abiectae

182 1120 339 1185 videntur.
385 1121 434 1184 De
459 1121 596 1206 singulis
622 1142 752 1204 quoque
777 1119 1021 1204 quaestionibus
1045 1143 1198 1206 persaepe

181 1230 239 1291 aut
256 1225 500 1292 consentiebam
522 1231 579 1292 aut
595 1227 833 1311 adsentiebam3
853 1249 914 1320 neo
935 1232 1046 1292 tamen
1069 1228 1199 1293 deerant

183 1353 264 1416 quae
287 1353 359 1397 mea
382 1332 506 1398 ratione
529 1331 645 1404 melius
669 1332 825 1418 explicari
851 1333 903 1398 vel
928 1333 1076 1418 suppleri
1105 1345 1199 1418 posse

181 1443 216 1504 et
239 1435 311 1504 eliis
340 1443 372 1504 et
395 1439 476 1504 mihi
504 1437 642 1523 probari
670 1439 725 1527 (cf.
748 1461 831 1524 quae
857 1439 1000 1505 breviter
1022 1439 1199 1526 significavi

182 1545 217 1610 in
245 1545 369 1610 diurnis
394 1545 562 1610 litterariis
587 1545 736 1611 Zarnckii
763 1546 794 1610 h.
818 1568 845 1610 a.
868 1546 928 1611 col.
952 1545 1041 1633 572).
1086 1545 1198 1630 Itaque

157 1727 160 1732 ¹
180 1649 316 1738 egregio
334 1652 392 1716 illo
411 1651 569 1736 opusculo
586 1653 725 1717 multum
750 1656 784 1716 et
802 1657 972 1736 promotus
995 1656 1028 1716 et
1046 1651 1199 1717 incitatus

181 1763 216 1822 et
234 1759 441 1824 confirmatus
464 1762 558 1844 grato
582 1756 689 1823 animo
713 1758 753 1821 ad
776 1757 922 1822 laborem
942 1763 1130 1843 susceptum
1143 1759 1199 1823 *re

183 1865 342 1930 vertebar.
1097 1855 1101 1861 ’

249 1969 366 2036 Paucis
386 1992 449 2056 ego
471 1973 644 2034 contentus
667 1973 782 2052 poetae
805 1969 980 2035 versiculos
1003 1968 1076 2034 dedi
1103 1991 1199 2054 quan-

180 2081 255 2141 tum
274 2074 479 2170 ‚lieripotuit
503 2075 544 2138 ad
567 2075 691 2160 primae
709 2096 824 2142 manus
846 2075 973 2140 litteras
996 2075 1199 2142 constitutos.

182 2179 386 2249 Recentioris
400 2203 514 2247 manus
529 2186 729 2248 correcturae
744 2183 855 2248 eadem
868 2182 940 2269 lege
954 2182 1121 2267 admissae,
1136 2205 1200 2268 qna

182 2289 384 2354 coniecturae
407 2288 577 2354 hominum
600 2289 776 2354 doctorum.
816 2288 1027 2354 Grauioribus
1048 2289 1200 2354 mutatio-

182 2395 280 2461 nibus
295 2396 427 2460 omnino
442 2416 524 2478 opus
537 2416 604 2459 non
618 2416 686 2459 esse
706 2394 786 2458 mihi
801 2393 946 2478 persuasi
960 2393 1070 2487 perbis
1084 2399 1200 2478 poetae

183 2499 356 2587 diligenter
373 2499 539 2566 enarratis.
575 2498 745 2566 scribendi
759 2499 918 2565 rationem
936 2499 977 2564 ad
990 2505 1095 2566 certas
1110 2501 1200 2566 seho-

182 2607 232 2672 lae
256 2607 386 2694 regulas
412 2610 529 2691 poetae
556 2607 684 2693 ignotas
712 2605 852 2692 dirigere
877 2605 982 2690 nolui,
1009 2607 1201 2691 praesertim

183 2735 257 2779 cum
282 2714 399 2778 miram
427 2711 517 2777 illam
540 2712 720 2797 scripturae
745 2711 934 2778 varietatem
959 2713 1081 2779 variam
1103 2713 1201 2779 inter·

183 2821 260 2886 dum
287 2819 584 2905 pronuntiationem
613 2819 734 2884 imitari
763 2818 936 2904 probabile
963 2820 1014 2885 sa.
1057 2821 1108 2884 De
1136 2819 1201 2884 dia-

182 2928 267 2996 lecto
286 2925 487 3012 perdifficilis
504 2930 555 2990 est
573 2925 727 3011 quaestio.
759 2925 845 2992 Nam
863 2926 977 3004 formis
994 2925 1109 2992 ionicis
1127 2925 1201 2990 atti-

70 3025 73 3032 ’
182 3035 291 3119 cisque
315 3033 439 3099 doricas
461 3036 559 3118 pocta
583 3031 668 3098 Cous
690 3032 851 3118 adspersit
873 3031 989 3120 (quare
1011 3033 1109 3098 etiam
1130 3034 1202 3120 ἰδίᾳ

182 3141 309 3226 γλάσσῃ
327 3139 359 3204 V
373 3141 414 3206 37
436 3139 505 3205 sim.
524 3137 674 3225 servari),
697 3143 794 3224 atque
816 3139 896 3205 adeo
918 3140 1009 3224 ipsos
1031 3140 1202 3205 hominum

183 3268 288 3311 mores
312 3246 455 3312 diversos
480 3246 605 3312 diversa
632 3245 812 3312 elocutione
840 3247 1036 3332 expressisse
1063 3246 1201 3312 videtur.

182 3351 294 3418 Veluti
321 3351 369 3418 ΙΠ
397 3354 448 3420 35.
480 3351 544 3418 Vll
565 3354 608 3419 88
640 3352 752 3436 inepta
782 3353 883 3438 τάλης
913 3353 1017 3418 forma
1048 3353 1203 3418 mulieres

182 3463 320 3526 utuntur
338 3460 525 3526 cavillantes
543 3458 627 3548 (sim.
647 3457 748 3562 1120.
767 3456 840 3546 29);
861 3458 986 3545 gallum
1009 3461 1114 3544 datar
1132 3464 1203 3526 τοί-

182 3593 250 3654 χων
273 3571 412 3656 κήρυκα,
436 3568 523 3653 quod
545 3566 624 3632 olim
643 3566 678 3631 in
696 3563 934 3631 dubitationem
952 3564 1073 3648 vocavi,
1094 3564 1142 3631 IV
1158 3567 1202 3630 12
