2618 4042
178 271 217 325 Vl
584 268 790 325 PRAEFATIO

178 455 247 498 esse
270 432 325 497 vix
344 436 392 519 est
417 431 677 534 quodmoneam.
719 431 819 496 Velut
843 432 928 516 quod
946 432 1145 497 Rutherford
1164 436 1195 497 et

178 538 375 603 Herwerden
393 536 619 623 corrigendum
633 542 825 603 censuerunt
844 542 1052 622 κατασβῶσαι
1067 537 1114 625 (V
1129 535 1195 624 39),

178 645 257 709 scite
277 644 451 729 explicavit
469 644 508 709 K.
522 643 712 731 Brugmann
727 642 1196 730 (rodopam.Forscu.1501);
1294 707 1295 714 ,

178 755 275 835 atque
298 751 417 817 mirum
440 750 522 816 illud
544 752 719 836 νώβυστρα
742 749 790 816 Vl
815 752 869 836 16,
897 774 957 836 pro
985 773 1049 835 quo
1077 773 1196 816 novum

178 857 373 932 vocabulum
396 859 570 942 λώβαστρα
592 857 688 921 finxit
710 856 921 942 Herwerden,
948 857 1036 922 haud
1063 858 1129 923 scio
1155 881 1196 923 an
1294 915 1295 920 ,

180 964 221 1028 ad
242 965 314 1048 βύω
338 962 492 1049 (fidosque)
515 963 720 1028 referendum
743 963 785 1027 sil
808 961 862 1052 (cf.
887 967 1102 1050 λαίμαστρονε
1126 972 1195 1031 λαι-

179 1070 294 1154 pecca
315 1066 409 1156 sim),
433 1073 470 1133 ul
489 1069 650 1155 significet
674 1069 819 1134 ‘auribus
839 1069 891 1134 vel
909 1069 1011 1135 labris
1029 1093 1095 1136 non
1114 1071 1196 1136 clau-

72 1262 75 1269 ·
178 1175 248 1242 sis':
280 1197 475 1262 quamquam
498 1201 558 1241 νω-
583 1175 664 1240 illud
690 1175 879 1262 negativum
907 1199 974 1241 non
995 1177 1101 1242 habeo
1132 1199 1196 1261 quo

178 1283 352 1380 explicem,
374 1282 438 1346 nisi
461 1282 502 1346 ad
524 1283 676 1360 νώδυνος
698 1285 853 1366 νώνυμος
875 1283 1106 1349 vocabulorum
1125 1305 1196 1347 ana-

177 1389 300 1476 logiam
322 1389 437 1454 falsam
461 1389 634 1476 confugere
653 1389 737 1453 licel.
775 1388 870 1453 Hunc
889 1389 991 1475 igitur
1009 1390 1130 1474 locum,
1155 1412 1196 1454 ne

178 1495 319 1582 genuina
351 1495 592 1579 oblitterarem,
624 1496 691 1560 fere
719 1495 878 1560 intactum
909 1495 1027 1580 reliqui
1060 1496 1207 1561 assiduis·
1294 1577 1295 1580 Ἴ

177 1601 350 1685 aliquando
373 1602 542 1668 laboribus
566 1602 791 1688 subigendum.
830 1601 948 1667 contra
972 1602 1197 1687 supplementa
1294 1641 1295 1646 κ

176 1730 242 1773 non
265 1708 360 1773 modo
385 1712 472 1773 certa
495 1709 547 1773 vel
569 1707 764 1792 probabilia,
788 1708 963 1773 sedetiam
982 1709 1197 1774 incertissima

176 1815 333 1898 quaedam
360 1813 504 1898 recipere
532 1837 550 1879 e
576 1837 611 1880 re
640 1835 709 1879 esse
739 1814 866 1899 putari,
900 1819 936 1879 ut
969 1815 1097 1899 qualern
1130 1815 1196 1880 fere

177 1919 380 2006 singulorum
403 1921 553 2006 ,locorum
580 1920 773 1987 sententiam
797 1942 866 1985 essa
895 1920 1056 1986 crederem
1085 1922 1197 1987 statim
1294 1935 1295 1974 ἒ

176 2031 355 2110 appareret.
401 2025 517 2092 Audax
547 2049 615 2093 esse
644 2027 745 2120 volui,
772 2026 830 2093 ubi
859 2025 915 2090 alii
942 2027 1029 2091 cauli
1056 2027 1196 2110 fuerunt,
1294 2043 1295 2114 l

177 2137 302 2218 cautus,
324 2132 383 2197 ubi
406 2133 537 2200 fuerunt
561 2134 705 2201 audaces.

242 2238 280 2306 In
302 2239 411 2306 verbis
434 2239 563 2306 traditis
586 2240 732 2327 legendis
756 2242 783 2306 si
807 2242 885 2327 quid
908 2240 1041 2325 profeci,
1064 2244 1194 2305 strenue

175 2367 227 2412 me
259 2347 406 2413 adiutum
439 2370 508 2413 esse
537 2348 618 2413 scibo
651 2369 670 2410 a
701 2347 899 2430 Kenyone,
937 2347 992 2431 qui
1025 2347 1139 2412 crebro
1177 2369 1196 2410 a

176 2474 227 2518 me
250 2453 385 2538 rogatus
404 2475 567 2538 papyrum
590 2452 766 2536 consuluit,
789 2441 1015 2536 supplementa
1039 2453 1196 2537 quaedam

174 2563 323 2624 accurate
347 2559 552 2643 examinavit,
575 2558 613 2623 de
637 2557 775 2645 singulis
804 2559 881 2642 quid
904 2563 1048 2625 censerat
1071 2582 1197 2624 summa

178 2669 211 2729 el
234 2664 404 2751 diligentia
427 2669 460 2729 el
483 2665 634 2748 comitale
658 2686 717 2748 per
739 2659 866 2729 litteras
889 2664 970 2729 mihi
992 2665 1196 2751 significavit.

176 2772 309 2850 Praeter
341 2793 415 2836 eum
447 2771 530 2836 hanc
560 2772 701 2856 opellam
733 2771 874 2858 benigne
907 2771 1098 2837 adiuverunt
1131 2772 1196 2856 epi·
1294 2819 1295 2844 ,

177 2876 270 2942 stolis
290 2877 330 2942 ad
348 2899 399 2941 me
415 2877 606 2966 consoriplis
619 2877 676 2943 Fr.
690 2877 802 2942 Blass
821 2876 982 2942 H.Diels
1005 2876 1035 2942 S.
1049 2877 1197 2942 Mekler
1294 2965 1295 2976 ἵ

177 2983 239 3048 Th.
262 2982 467 3067 Zielinski,
495 2982 636 3070 plagulis
664 2983 816 3048 correctis
844 2981 873 3048 S.
897 2982 1044 3048 Mekler
1072 2983 1197 3070 collega

176 3093 274 3173 alque
297 3089 336 3153 R.
359 3088 524 3176 Herzog,
552 3088 715 3154 seminarii
742 3089 846 3154 nostri
870 3089 1001 3174 andelia,
1031 3089 1197 3174 opusculis
1294 3107 1295 3116 ¹

174 3194 375 3260 transmissis
389 3193 536 3278 plerique
550 3195 690 3284 illorum,
705 3218 842 3280 quorum
855 3195 988 3261 nomina
1002 3219 1033 3281 p.
1043 3195 1120 3260 XIV
1126 3219 1196 3280 sqq,

173 3306 254 3367 sunl
277 3301 464 3386 composita.
504 3301 630 3379 Quibus
652 3303 746 3388 χάρις
768 3301 843 3368 ἀντὶ
865 3304 999 3388 χάριτος
1022 3301 1156 3369 ἐλθέτω.

243 3409 358 3474 Restat
382 3413 418 3473 ul
442 3430 523 3493 quae
547 3408 744 3474 emendanda
762 3409 815 3473 vel
833 3408 978 3474 addenda
996 3408 1061 3473 sinl
1084 3409 1197 3492 paucis

176 3513 324 3579 indicem.
367 3513 599 3580 Gravissimum
627 3514 707 3580 illud
740 3514 827 3599 quod
860 3505 940 3597 quae
972 3536 1081 3580 mense
1108 3515 1196 3580 Maio

177 3620 273 3687 huius
301 3621 377 3687 amri
399 3619 605 3687 Hermannus
627 3620 718 3687 Diels
747 3621 781 3685 in
809 3620 970 3684 academia
992 3619 1197 3686 Berolinensi
1294 3613 1295 3636 ¹
