2618 4042
524 273 730 328 PRAEFATIO
914 292 918 296 ·
1110 275 1137 330 V

121 429 337 501 abundantius
356 435 502 520 appellat
519 434 641 501 femina
658 456 807 521 presans3
828 434 940 522 ὑμέων
959 436 998 508 in,
1011 435 1138 503 lenonis

121 542 264 608 oratione
283 565 343 628 pro
359 543 454 609 domo
473 542 587 607 hatita
599 541 686 608 1127
703 543 857 608 aretieum
872 542 992 629 explet,
1010 543 1135 628 ἡμείων

120 648 198 714 146
222 647 375 736 (tenenda
394 649 479 716 enim
498 647 594 714 leetio
613 647 766 738 pristina)
789 649 825 714 in
845 671 994 714 sermone
1011 649 1138 716 vetulae

121 755 311 822 hariolantis
334 756 523 842 molossum,
547 778 620 821 oum
642 755 746 841 ὑμέας
768 755 880 842 ὑμέων
904 756 973 822 sirm
997 756 1139 841 plerum

79 839 86 870 '
121 884 182 946 que
213 885 274 947 per
301 863 522 948 synaloephen
553 863 589 928 in
617 863 794 948 spondeum
824 863 1068 953 contrahentur3
1099 863 1137 927 oi

120 968 219 1033 etiam
240 968 272 1034 H
291 973 321 1036 6.
356 969 448 1034 Adde
473 969 559 1054 quod
581 974 679 1054 poeta
702 969 805 1035 multa
823 969 973 1055 variavit,
997 974 1034 1034 ut
1055 990 1138 1035 eom·

120 1075 246 1140 modius
272 1076 325 1140 vel
347 1075 472 1140 dulcius
494 1075 790 1159 pronuntiarentur.
836 1076 909 1142 Huo
931 1075 1036 1141 refero
1063 1097 1088 1140 e.
1112 1097 1138 1142 o.

119 1181 198 1247 πάλι
221 1185 296 1247 ante
319 1207 342 1268 μ
364 1181 396 1246 II
414 1183 458 1248 52
480 1181 560 1248 πάλι
581 1192 671 1266 μνῆν
694 1180 811 1270 (πάλιν
832 1182 864 1248 V
881 1185 934 1248 47.
957 1181 1021 1248 VII
1039 1185 1068 1248 6.
1094 1184 1137 1248 90

120 1291 194 1353 ante
212 1314 238 1374 φ
255 1313 284 1374 κ,
302 1287 335 1352 in
355 1285 481 1375 pausa),
499 1292 606 1373 atque,
625 1288 712 1372 quod
731 1289 862 1375 gravius
880 1293 939 1374 est,
957 1314 1015 1374 μιν
1034 1293 1068 1354 et
1081 1313 1138 1354 νιν

118 1397 248 1480 formas,
267 1395 306 1460 of.
324 1394 371 1460 III
385 1397 426 1461 31
444 1395 507 1479 ἐγώ
522 1419 592 1480 μιν,
605 1393 669 1460 VII
682 1396 724 1460 12
743 1397 781 1460 ἕν
793 1420 853 1479 μιν
866 1396 982 1480 αὐτήν,
995 1393 1058 1461 VII
1074 1397 1135 1462 101

121 1503 183 1587 ἐγώ
203 1527 270 1588 uara
287 1499 391 1568 11133
411 1502 498 1580 ὅπως
514 1526 583 1586 νιν,
601 1502 646 1568 54
663 1501 770 1578 ὕπνος
787 1525 857 1587 νιν,
875 1503 919 1567 90
937 1507 1053 1587 λαβεῖν
1070 1526 1139 1587 νιν,

113 1591 163 1675 '96
186 1611 271 1686 ὅκως
293 1633 361 1693 νιν,
386 1607 434 1674 VI
453 1611 494 1675 21
520 1606 696 1696 τριτημέρῃ
724 1631 795 1674 νινε
821 1629 898 1673 nam
925 1611 1138 1693 post’oonso-

120 1721 234 1781 nantes
248 1715 393 1780 denteles
407 1714 443 1804 (a
457 1712 493 1802 ν)
512 1714 750 1782 commoditatis
769 1735 864 1804 eausa
881 1739 938 1781 νιν
957 1736 1031 1780 eum
1050 1737 1139 1799 prae·
1261 1803 1264 1806 Ι

120 1823 231 1888 tulisse
255 1822 357 1907 vides3
380 1822 465 1888 unde
488 1827 522 1886 et
541 1822 798 1888 Rutherfordum
820 1821 965 1906 aliosque
988 1846 1046 1908 μιν
1069 1844 1141 1906 per-

69 1917 71 1923 ’
120 1951 231 2014 peram
250 1929 373 2013 ubique
390 1929 571 1994 restituisse
594 1933 628 1993 et
645 1929 780 1994 alteram
798 1951 929 1994 manum
947 1927 979 1994 V
999 1929 1041 1994 70
1064 1932 1140 2012 post

122 2036 276 2118 κήπίδοις
299 2035 483 2100 coniectura
506 2035 676 2100 temerarie
699 2031 761 2120 μὲν
783 2035 819 2099 in
836 2059 896 2120 μιν
917 2038 1058 2100 mutasse
1077 2033 1140 2098 ool-

121 2140 181 2226 ligi
210 2142 327 2223 potest.
373 2138 424 2204 Ex
453 2138 564 2204 eadem
590 2139 663 2225 lege
696 2139 733 2205 ἐν
762 2139 915 2225 γναφέως
947 2147 1033 2229 οἴκῳ,
1057 2140 1140 2206 dixit

119 2245 166 2312 IV
189 2247 240 2330 78,
263 2249 403 2332 βανηρίῃ
426 2245 537 2331 oretur]
555 2243 633 2310 VIII
651 2246 703 2311 43.
741 2243 851 2310 simile
873 2245 910 2309 ni
932 2245 1028 2310 fallor
1050 2245 1140 2332 illud,

120 2353 207 2438 quod
229 2353 383 2439 σάμβαλα
411 2354 646 2438 eonfiat-lexov
669 2349 731 2416 VH
750 2352 802 2417 60.
824 2352 887 2417 125
911 2351 1068 2435 seriptum
1090 2357 1140 2418 est

120 2464 195 2544 post
222 2458 379 2544 vocalem,
407 2462 482 2543 post
510 2462 740 2526 consonantem
766 2455 981 2543 ἁμβαλσύχην
1003 2456 1141 2543 V1119,

120 2570 216 2650 etque
237 2566 323 2650 quod
340 2566 477 2631 rariores
495 2565 569 2631 illae
588 2587 671 2650 quaa
690 2587 709 2628 a
726 2587 745 2629 τ
763 2563 925 2649 incipiunt
937 2564 1141 2648 pronominis

121 2672 249 2737 relativi
262 2673 386 2738 formae
400 2675 554 2757 quattuor
568 2671 648 2736 loeis
661 2671 805 2736 vocalem
817 2670 1032 2755 insequuntur
1042 2671 1088 2759 (II
1098 2674 1141 2737 64

122 2801 196 2863 μεν,
218 2788 276 2863 τῆς
294 2778 406 2862 τελέω,
428 2777 475 2844 IV
496 2781 536 2845 17
558 2778 792 2862 ἐποιεύμεσθν,
810 2779 879 2862 τάς,
896 2776 928 2843 V
946 2778 1163 2860 28-δρῶντα·
1202 2857 1203 2860 ¹

120 2895 204 2968 τῶν,
231 2884 278 2951 VI
296 2887 337 2952 31
362 2883 418 2950 καὶ
441 2882 560 2970 ταῖσι),
588 2905 652 2950 uno
674 2883 747 2949 Iooo
775 2888 851 2972 post
877 2905 1040 2948 caesuram
1068 2905 1140 2950 eon-

122 2995 291 3058 sonantem
305 2991 367 3080 (III
381 2989 453 3079 21);
470 3014 546 3056 nam
562 2993 603 3056 τὰ
617 2996 676 3076 λῇς
689 2989 736 3055 ΙΠ
750 2991 801 3057 35.
815 2987 877 3056 VII
886 2991 929 3056 88
950 2987 1048 3054 etiam
1065 2989 1142 3055 hino

122 3096 334 3169 offensionem
359 3098 467 3163 habet.
513 3097 614 3163 Aliud
641 3097 811 3162 eonsilium
837 3095 985 3161 versibus
1012 3096 1141 3180 quibus·
1200 3131 1204 3138 ·

121 3203 196 3272 dam
215 3208 313 3288 poeta
332 3210 460 3272 seoutus
479 3209 537 3290 est,
555 3204 590 3270 in
610 3203 729 3290 quibus
747 3225 808 3287 pro
827 3201 956 3268 usitatis
974 3201 1040 3268 illis
1059 3203 1156 3280 ὅκως·

120 3321 213 3388 κοῖος
240 3309 389 3376 adhibuit
417 3311 506 3388 ὅπως
533 3321 645 3395 ποῖος,
672 3309 711 3374 of.
734 3307 797 3377 VII
820 3311 863 3375 22
891 3309 980 3386 ὅπως
1006 3308 1142 3394 πέπηγε,

118 3413 151 3480 Π
165 3418 208 3482 28
226 3417 290 3483 κάκ
307 3421 407 3483 ποίου
428 3418 432 3500 l
452 3419 560 3500 πήλου
579 3417 777 3501 πεφύρηται,
795 3414 827 3480 V
841 3417 875 3481 9:
894 3415 1028 3481 oonsilio
1047 3414 1142 3500 enim,

117 3545 186 3588 non
200 3546 309 3589 errore
323 3546 346 3589 π
361 3523 435 3587 illae
449 3527 560 3587 ternae
573 3521 626 3586 vel
641 3525 815 3607 quaternae
831 3525 1045 3608 congregatae
1058 3525 1144 3584 sunt.

117 3629 269 3716 Denique
298 3653 317 3694 a
345 3628 512 3695 vocabulis
539 3627 759 3716 singularibus
789 3650 904 3694 monus
934 3624 1144 3692 abstinendas
