2652 4040
393 225 654 278 ummueoavu
671 225 891 277 salonarum
1104 220 1145 287 75

134 383 263 452 sequitur
280 400 385 440 versus.
410 385 414 452 l
464 384 554 439 tolero
572 401 640 436 num
658 399 692 437 ex
710 381 751 436 eis
770 397 842 450 quae
862 382 1031 436 antecedunt
1048 398 1145 452 perpe-

132 471 199 536 ram
215 454 384 536 repetitum?
420 471 491 510 meos
517 455 650 521 τονιαῖον,
678 455 788 536 quoodo
805 455 908 535 tolero,
935 461 1050 510 stercore
1064 455 1146 534 plere

134 527 261 721 ἓὲἒὲξίἓ
274 524 1146 666 idilssuallffitltllmmmlltttlulpiiit¹323*AE

134 684 223 738 propo
236 685 260 722 a.

615 779 665 842 11.
1145 792 1253 842 praem

246 881 272 948 0
299 905 379 967 quae
402 883 563 950 tenerulae
587 881 746 969 comparis
768 885 857 948 tenes
880 881 1012 968 crinem,

246 1131 347 1198 Sudes
369 1131 405 1196 in
426 1131 489 1196 ista
512 1027 771 1217 <d>eviljlatent
793 1131 888 1196 fossa,

205 1255 325 1308 Rufinus
340 1253 431 1324 (Iuba)
448 1272 475 1322 p.
491 1253 597 1323 386G,
627 1252 672 1309 Gr.
687 1253 749 1308 Lat.
768 1253 807 1307 VI
825 1272 851 1323 p.
868 1255 918 1307 562
933 1253 979 1310 K.:
1008 1251 1146 1322 ...quod

135 1332 212 1382 sexto
239 1327 519 1394 1000...er
544 1327 587 1380 oct
612 1326 754 1380 trochaeos
780 1326 913 1394 νεανίαν
932 1369 938 1380 .
955 1369 960 1380 .
977 1366 1005 1391 .,
1037 1339 1146 1379 οοννοονι

135 1397 266 1452 eluamus
287 1397 356 1464 facit
378 1403 404 1452 et
426 1397 592 1452 choriambus
614 1398 786 1463 νιοιοικοτινι,
813 1403 845 1451 at
867 1403 905 1451 ert
923 1389 944 1450 ὦ
963 1391 1146 1464 Κλαζομένιοι

134 1467 282 1530 Βούπαλος
300 1466 487 1534 κατέκτεινον,
506 1464 649 1521 ἀκούσαθ’
667 1465 868 1530 Ἱππώνακτος·
889 1467 921 1520 οὐ
934 1473 989 1536 γὰρ
1005 1463 1065 1520 ἀλλ’
1077 1463 1145 1534 dulc,

136 1537 239 1592 deinde
262 1537 361 1608 fragm.
378 1544 420 1593 11.
441 1544 482 1594 12.
519 1537 661 1592 LMueller
683 1537 787 1592 Catulli
809 1555 836 1606 p.
853 1542 904 1590 134
926 1537 1085 1608 fragmenta
1109 1537 1146 1590 ad

136 1609 271 1664 Mettium
294 1609 416 1665 rettulit:
447 1610 549 1663 ‘causa
566 1607 631 1676 illa,
656 1609 732 1677 quod
756 1625 790 1662 ex
813 1607 912 1662 eodem
930 1625 984 1676 quo
1001 1607 1145 1662 Terentia-

137 1698 205 1734 num
228 1679 306 1734 fonte
317 1725 322 1736 .
335 1679 479 1735 .hausisse
496 1680 596 1734 Iubam
613 1679 727 1734 videtur
743 1679 905 1749 probabile’
934 1678 980 1750 [cf.
1002 1678 1039 1732 ad
1057 1677 1090 1734 fr.
1107 1679 1145 1802 Ῑὲ.

137 1751 182 1806 Fr.
202 1757 243 1807 11.
265 1757 297 1805 12
326 1751 530 1813 coniunxerunt
552 1750 693 1806 LMueller
715 1751 734 1805 l.
754 1769 774 1806 s.
800 1753 885 1820 atque
908 1750 1049 1804 Baehrens
1075 1749 1120 1802 FP

134 1841 163 1893 p.
179 1827 240 1891 392,
255 1827 288 1875 51
308 1821 439 1876 admissis
459 1820 625 1876 coniecturis
644 1821 745 1889 quibus
764 1821 812 1876 vix
830 1839 899 1892 opus
919 1824 969 1876 est.
997 1819 1071 1874 Nam
1090 1819 1145 1874 sin-

134 1893 217 1964 gulos
242 1909 339 1947 versus
364 1892 438 1948 inter
463 1909 493 1946 se
516 1909 573 1947 non
597 1893 779 1947 cohaerentes
804 1910 854 1962 pro
877 1891 1012 1962 exemplis
1035 1890 1145 1945 adferre

136 1965 209 2019 solet
226 1965 343 2018 Rufinus
375 1967 384 2034 11
434 1970 466 2017 12
485 1965 511 2018 si
528 1965 574 2018 des
591 1962 733 2032 Mueller}
757 1965 818 2018 ocio
836 1965 872 2032 R,
891 1966 951 2031 otc,
970 1963 1000 2016 in
1018 1961 1145 2032 margine

134 2038 196 2092 ecia
213 2036 251 2103 A,
279 2037 327 2090 vta
344 2035 380 2091 B:
408 2053 476 2088 num
498 2033 529 2088 in
552 2034 704 2104 archetypo
727 2033 874 2158 legebatur
896 2036 943 2089 cic
962 2036 1046 2103 atque
1065 2035 1097 2089 de
1115 2033 1146 2087 in

136 2106 281 2178 margine?
297 2109 301 2176 1
318 2108 372 2161 late
389 2105 517 2174 Mueller,
536 2105 623 2160 lateas
640 2104 734 2190 Bergk
775 2105 901 2160 aehrens.

206 2193 249 2250 Fr.
267 2200 299 2249 11
324 2194 348 2248 si
365 2193 462 2249 Mattii
480 2195 537 2262 cst,
559 2194 675 2248 ficorum
692 2193 826 2263 propolae
844 2193 967 2248 tribuere
990 2191 1081 2262 possis
1108 2193 1145 2246 ad

135 2265 268 2321 Cerdonis
287 2266 445 2335 exemplum
460 2265 522 2335 (Vll
537 2270 588 2318 107
599 2267 670 2333 sqq.)
684 2263 855 2319 mulierculis
874 2263 1040 2318 blandienti.
1064 2262 1144 2317 Eius-

134 2337 199 2392 dem
220 2336 300 2390 mimi
321 2336 441 2392 fortasse
466 2335 499 2392 fr.
517 2342 562 2405 12,
590 2335 620 2389 in
638 2351 693 2404 quo
710 2351 809 2390 vereor
825 2352 860 2390 ne
880 2333 1085 2390 obscoenitates
1103 2335 1145 2388 la·

135 2410 215 2464 teant
233 2409 331 2476 quales
351 2410 416 2462 sunt
433 2407 542 2463 Fotidis
560 2406 735 2476 Apuleianae
755 2406 833 2476 (Mat.
851 2407 877 2460 H
897 2409 931 2476 7).

202 2692 321 2757 Mirum
343 2693 431 2779 illud,
456 2693 543 2777 quod
564 2693 689 2758 nullum
711 2692 776 2757 fere
799 2691 907 2757 Mattii
919 2691 1146 2778 ‘fragmentum

135 2781 175 2847 ad
202 2802 311 2846 versus
339 2780 453 2846 referre
481 2781 556 2846 licet
582 2804 716 2867 papyro·
737 2785 885 2846 servatos.
931 2779 1045 2864 Itaque
1073 2801 1146 2844 cum

136 2869 245 2936 Iliadis
278 2869 421 2956 singulos
456 2868 522 2934 fere
553 2891 665 2935 versus
700 2874 845 2935 accurate
880 2867 1073 2954 expresserit
1109 2872 1146 2932 ut

137 2960 249 3024 doctus
267 2957 370 3045 magis
388 2959 484 3024 homo
503 2962 571 3023 erat
588 2980 685 3043 quam
703 2963 807 3045 poeta,
825 2958 860 3023 in
877 2959 939 3023 hoc
956 2960 1145 3044 argumento

137 3051 192 3114 aut
214 3046 348 3112 liberius
369 3051 513 3112 versatus
535 3051 593 3134 est,
616 3051 672 3112 aut
693 3046 750 3131 qui
768 3051 904 3112 aetatem
922 3047 1066 3112 tulerunt
1082 3045 1146 3110 loci

136 3137 177 3220 ad
199 3135 321 3221 priores
344 3135 547 3201 mimiambos
570 3136 744 3221 pertinent,
769 3157 850 3219 quos
872 3135 1028 3222 prooemii
1050 3133 1146 3199 laceri

137 3223 320 3292 testimonio
347 3225 448 3290 fretus
475 3223 607 3310 periisse
630 3224 749 3290 conieci
771 3223 836 3289 fere
859 3228 955 3290 totos.
1000 3223 1146 3289 Alteram

138 3319 262 3400 portem
291 3318 400 3379 utrum
428 3313 563 3378 Mattius
591 3335 657 3378 non
687 3313 900 3400 transtulerit,
931 3336 973 3378 an
1000 3334 1067 3378 non
1093 3333 1145 3376 ex-

140 3402 314 3488 cerpserint
352 3403 409 3486 qui
440 3402 523 3468 circa
554 3401 646 3466 initia
676 3401 833 3467 librorum
864 3403 991 3467 haerere
1023 3400 1145 3465 soleant

137 3491 261 3557 metrici
284 3496 317 3556 et
339 3490 552 3579 grammatici,
574 3490 629 3554 vix
652 3512 806 3574 umquam
829 3489 999 3575 disceptari
1017 3488 1147 3575 poterit.
