2618 4042
471 949 781 1025 PRAEFATIO.

187 1226 357 1293 Herondae
371 1227 423 1292 vel
437 1227 594 1324 Herodae,
608 1233 724 1312 poetae
740 1227 927 1293 Callimachi
943 1227 1010 1292 fere
1025 1249 1138 1313 aequa·

120 1333 170 1418 lis,
189 1333 394 1399 mimiambos
413 1356 430 1399 e
449 1356 575 1419 papyro
590 1333 887 1408 MuseiBritannici
903 1333 1050 1400 CXXXV
1068 1334 1137 1398 dili-

121 1444 234 1526 genter
261 1440 491 1525 transscriptos
519 1440 594 1506 anni
617 1438 835 1506 MDOOOXOI
864 1443 985 1504 aestate
1013 1440 1138 1524 primus

121 1547 220 1611 edidit
238 1546 273 1612 F.
294 1545 330 1612 G.
348 1547 498 1633 Kenyon3
521 1547 744 1612 fidelissimum
767 1547 868 1612 totius
892 1546 1010 1631 papyri
1034 1569 1138 1612 exem-

120 1652 191 1736 plar
210 1652 288 1718 solis
306 1675 368 1737 ope
387 1654 569 1719 confectum
592 1657 667 1718 ente
687 1674 807 1738 paucos
826 1675 952 1730 menses
976 1651 1137 1718 emissum.

119 1758 256 1844 Kenyon
284 1759 319 1824 in
341 1759 413 1844 ipsa
436 1759 503 1824 fere
526 1759 603 1824 libri
627 1759 795 1843 scriptura*
812 1757 1034 1845 cognoscenda
1063 1780 1136 1843 ope-

119 1887 188 1929 ram
212 1886 303 1930 suam
326 1865 499 1951 continuit3
522 1866 624 1930 multa
643 1866 773 1952 egregie
793 1865 967 1949 expedivit,
991 1863 1137 1949 corrupit

119 1969 185 2035 fere
213 1971 304 2036 nihil.
349 1970 564 2037 Audaciorem
593 1994 626 2036 se
657 1971 809 2056 praebuit
840 1971 894 2056 qui
926 1969 1038 2035 eodem
1069 1968 1136 2034 fere

118 2080 265 2158 tempore
290 2096 354 2158 quo
377 2076 513 2159 Kenyon
537 2077 677 2160 primam
699 2077 918 2142 recensionem
942 2099 976 2142 se
999 2075 1137 2140 edidisse

117 2179 285 2265 professus
317 2185 380 2266 est,
416 2180 468 2246 W.
495 2178 530 2246 G.
558 2181 773 2267 Rutherford3
806 2204 900 2250 sanos
931 2183 1020 2247 locos
1034 2163 1137 2246 ¹haud

118 2309 239 2371 paucos
262 2287 455 2358 coniecturis
478 2287 626 2372 tentavit,
649 2286 706 2352 sed
727 2287 813 2351 idem
837 2287 993 2370 quaedam
1012 2287 1136 2354 invenit

118 2415 199 2478 quae
230 2415 296 2458 non
320 2393 427 2459 cuivis
455 2397 640 2460 occurrent:
672 2415 770 2478 quare
802 2392 918 2458 merita
949 2392 1043 2459 laude
1069 2416 1136 2460 non

118 2500 248 2565 omnino
278 2505 328 2564 est
359 2499 602 2566 defraudandus.
646 2499 822 2568 Acerrima‘
847 2500 958 2566 statim
990 2522 1135 2566 censura-

117 2627 189 2671 rum
213 2610 245 2671 et
269 2607 577 2672 commentationum
599 2607 745 2672 velitatio
769 2606 872 2692 facta,
899 2606 984 2672 inter
1011 2607 1135 2692 primos

118 2713 307 2796 prodierunt
329 2712 423 2778 Blass
445 2712 605 2778 Bficheler
633 2713 765 2780 Orusius
789 2713 882 2779 Diels
904 2713 988 2778 Ellis
1011 2713 1134 2778 Gerclre

118 2817 265 2884 Giinther
278 2817 380 2884 Hicks
394 2819 536 2885 Jackson
558 2819 676 2884 Xaibel
693 2819 873 2886 Nicholson
896 2819 1024 2885 Palmer
1037 2818 1133 2884 Weil.

116 2925 232 2990 Paucis
241 2925 408 3007 mensibus
418 2923 927 2991 intermissisH.vanHerwerden
936 2924 1133 2990 ΗΡΩΙΔΟΤ

115 3035 267 3116 poemata
281 3035 354 3096 octo
374 3032 465 3097 brevi
480 3031 710 3098 commentario
730 3031 892 3097 illustrata
905 3031 1133 3116 Mnemosynes

114 3136 273 3202 volumini
295 3137 446 3203 vicesimo
466 3137 512 3226 (p.
531 3135 703 3223 41-100)
726 3137 871 3202 inseruit.
917 3136 978 3214 Qui
1003 3139 1132 3223 quidem

114 3265 226 3310 versus
254 3243 374 3309 multos
402 3244 635 3310 emendatiores
664 3243 777 3329 edidit,
808 3243 854 3308 ita
880 3247 1002 3328 tamen,
1034 3249 1071 3310 ut
1099 3250 1132 3310 et

114 3350 186 3434 ipse
204 3341 415 3416 ¹coniecturae
442 3351 580 3417 nimium
607 3351 775 3419 tribueret.
820 3349 892 3436 Ego
916 3373 1023 3416 meum
1050 3351 1131 3415 mihi
1229 3391 1233 3396 -

114 3457 300 3541 exemplum
320 3457 573 3541 conscripseram
597 3462 629 3522 et
652 3455 829 3543 specimina
848 3456 1005 3541 quaedam
1022 3457 1129 3522 Philo-

112 3563 181 3650 logi
209 3564 372 3630 volumine
401 3533 667 3650 quinquagesimo
698 3562 908 3648 exprimenda
938 3584 1130 3646 curaveram,

933 3667 969 3719 a*
